@Book{Sommerville,
  author    = {Sommerville, Ian},
  publisher = {Pearson},
  title     = {Software engineering},
  year      = {2011},
  isbn      = {9780137035151},
  pages     = {792},
}

@Book{Kleuker,
  editor    = {Stephan Kleuker},
  publisher = {Vieweg+Teubner},
  title     = {Grundkurs Software-Engineering mit UML},
  year      = {2009},
  address   = {Wiesbaden},
  isbn      = {9783834892355},
  series    = {SpringerLink},
  booktitle = {Grundkurs Software-Engineering mit UML},
  doi       = {10.1007/978-3-8348-9235-5_4},
  subtitle  = {Der pragmatische Weg zu erfolgreichen Softwareprojekten},
}

@Book{Herrmann,
  author    = {Herrmann, Andrea},
  publisher = {Springer},
  title     = {Grundlagen der Anforderungsanalyse},
  year      = {2022},
  address   = {Wiesbaden},
  isbn      = {9783658354602},
  series    = {Springer eBook Collection},
  pagetotal = {142012139},
  ppn_gvk   = {1800746911},
  subtitle  = {Standardkonformes Requirements Engineering},
}

@Book{Meyer,
  author    = {Meyer, Bertrand},
  publisher = {Springer},
  title     = {Handbook of requirements and business analysis},
  year      = {2022},
  isbn      = {978-3-031-06739-6},
}

@Book{IEEE,
  publisher = {IEEE / Institute of Electrical and Electronics Engineers Incorporated},
  title     = {830-1993 IEEE Recommended Practice for Software Requirements Specifications},
  isbn      = {9780738147239},
  note      = {Electronic resource type: Report},
}

@Book{Gadatsch,
  author    = {Gadatsch, Andreas},
  publisher = {Vieweg+Teubner},
  title     = {Grundkurs Geschäftsprozess-Management},
  year      = {2010},
  address   = {Wiesbaden},
  edition   = {6., aktualisierte Auflage},
  isbn      = {9783834893468},
  series    = {SpringerLink},
  pagetotal = {448351},
  ppn_gvk   = {1648826709},
  subtitle  = {Methoden und Werkzeuge für die IT-Praxis: Eine Einführung für Studenten und Praktiker},
}

@Article{Scheer,
  author  = {August-Wilhelm Scheer},
  journal = {Institut für Wirtschaftsinformatik},
  title   = {Interorganisationales Geschäftsprozessmanagement durch Modelltransformation},
  year    = {2005},
  url     = {https://www.uni-saarland.de/fileadmin/upload/lehrstuhl/loos/ALT/IWi-Hefte/IWi_Heft_182.pdf},
}

@Misc{Durst,
  author    = {Michael Durst},
  month     = apr,
  title     = {Ereignisgesteuerte Prozesskette (EPK) – einfach erklärt},
  year      = {2020},
  timestamp = {2025-05-23},
  url       = {https://der-prozessmanager.de/aktuell/wissensdatenbank/ereignisgesteuerte-prozesskette},
}

@Online{EPKProcess,
  title   = {Wie gelingt der Übergang von EPK zur BPMN 2.0?},
  url     = {https://blog.mi-nautics.com/wie-gelingt-der-uebergang-von-epk-zur-bpmn-2-0/},
  urldate = {2025-05-23},
}

@Article{OMG,
  journal = {Object Management Groupm (OMG)},
  title   = {Buisness Process Model and Notation (BPMN)},
  year    = {2011},
}

@Book{Lindenbach,
  author    = {Lindenbach, Heidi},
  editor    = {Jochen Göpfert},
  publisher = {Oldenbourg Verlag},
  title     = {Geschäftsprozessmodellierung mit BPMN 2.0},
  year      = {2013},
  address   = {München},
  isbn      = {978-3-486-71805-8},
  pagetotal = {1202},
  ppn_gvk   = {1655233459},
  subtitle  = {Business Process Model and Notation},
}

@Book{Freund,
  author    = {Freund, Jakob},
  editor    = {Bernd Rücker},
  publisher = {Carl Hanser Verlag},
  title     = {Praxishandbuch BPMN},
  year      = {2017},
  address   = {München},
  edition   = {5. akt. Auflage},
  isbn      = {978-3-446-45054-7},
  pagetotal = {282},
  ppn_gvk   = {1887647503},
  subtitle  = {Mit Einführung in CMMN und DMN},
}

@Online{BPMNProcess,
  title     = {Business Process Model and Notation (BPMN)},
  url       = {https://sparxsystems.com/enterprise_architect_user_guide/17.0/modeling_languages/bpmn_1_4.html},
  urldate   = {2025-05-23},
  timestamp = {2025-05-23},
}

@InBook{Sandhu,
  author = {Sandhu, Ravi S.},
  title  = {The NIST Model for Role-Based Access Control: Towards A Unified Standard},
  issn   = {0065-2458},
}

@InBook{Sandhu1998,
  author    = {Sandhu, Ravi S.},
  publisher = {Elsevier},
  title     = {Role-based Access Control},
  year      = {1998},
  booktitle = {Advances in Computers},
  doi       = {10.1016/s0065-2458(08)60206-5},
  issn      = {0065-2458},
}

@Online{RedHat,
  title        = {What is role-based access control (RBAC)?},
  url          = {https://www.redhat.com/en/topics/security/what-is-role-based-access-control},
  urldate      = {2025-05-23},
  organization = {Red Hat},
  timestamp    = {2025-05-23},
}

@Online{Skillable,
  title   = {Creating User Role Assignment Notification},
  url     = {https://docs.skillable.com/docs/user-role-notification},
  urldate = {2025-05-23},
}

@Online{Magicbell,
  title   = {Can you build a complete notification system without breaking a sweat?},
  url     = {https://www.magicbell.com/blog/building-a-user-notification-system},
  urldate = {2025-05-23},
}

@Online{Mika,
  title   = {Web Application vs. Desktop Application: A Comparative Guide},
  url     = {https://www.ramotion.com/blog/web-application-vs-desktop-application/#:~:text=accessed via a web browser,installations on the client side},
  urldate = {2025-05-23},
  author  = {Alex Mika},
}

@Online{Medium,
  title   = {Web vs Desktop Applications: Key Differences Explained},
  url     = {https://medium.com/theymakedesign/web-app-vs-desktop-app-3841e8cb3996},
  urldate = {2025-05-23},
}

@Online{iFour,
  title   = {Web App vs Desktop App: Essentials Explained},
  url     = {https://www.ifourtechnolab.com/blog/web-app-vs-desktop-app},
  urldate = {2025-05-23},
}

@Online{ISO27001,
  title   = {ISO 27001 - Annex A.9 - Access control},
  url     = {https://iso-docs.com/blogs/iso-27001-standard/iso-27001-annex-a-9-access-control?srsltid=AfmBOopinLZ5lkl5eVNB_XyqSNt2gydYeW_5xOSuVmxJaU3KVEa-N3kv#:~:text=3. Role,on roles, authorizations, and permissions},
  urldate = {2025-05-23},
}

@Book{Springer,
  author    = {Springer, Sebastian},
  publisher = {Rheinwerk Publishing Inc.},
  title     = {React},
  year      = {2024},
  address   = {Boston (MA)},
  edition   = {1st edition},
  isbn      = {978-1-4932-2440-1},
  note      = {Description based on publisher supplied metadata and other sources.},
  pagetotal = {11050},
  ppn_gvk   = {1878152157},
  subtitle  = {The comprehensive guide},
}

@Online{React,
  title   = {ReactA JavaScript library for building user interface},
  url     = {https://legacy.reactjs.org},
  urldate = {2025-05-23},
}

@Book{Thomas,
  author    = {Thomas, Mark},
  publisher = {Manning Publications Co. LLC},
  title     = {React in Action},
  year      = {2018},
  address   = {New York},
  isbn      = {9781617293856},
  note      = {Description based on publisher supplied metadata and other sources.},
  pagetotal = {1331},
  ppn_gvk   = {1761217933},
}

@Book{Murray,
  author    = {Murray, Nathan and Coury, Felipe and Lerner, Ari and Taborda, Carlos},
  publisher = {CreateSpace Independent Publishing Platform},
  title     = {ng-book: The Complete Guide to Angular},
  isbn      = {9781985170285},
}

@Book{Wilken,
  author    = {Wilken, Jeremy},
  publisher = {Manning Publications Co. LLC},
  title     = {Angular in Action},
  year      = {2018},
  address   = {New York},
  isbn      = {9781617293313},
  note      = {Description based on publisher supplied metadata and other sources.},
  pagetotal = {1298},
  ppn_gvk   = {1761218344},
}

@Online{Angular,
  title   = {What is Angular?},
  url     = {https://angular.dev/overview},
  urldate = {2025-05-23},
}

@Online{Vue,
  title   = {What is Vue.js?},
  url     = {https://vuejs.org/guide/introduction.html},
  urldate = {2025-05-23},
}

@Online{Node,
  title   = {Introduction to Node.js},
  url     = {https://nodejs.org/en/learn/getting-started/introduction-to-nodejs},
  urldate = {2025-05-23},
}

@Book{Syed,
  author    = {Syed, Basarat Ali},
  publisher = {Apress},
  title     = {Beginning Node.js},
  year      = {2014},
  address   = {[Berkeley, Calif.]},
  isbn      = {9781484201886},
  series    = {SpringerLink},
  pagetotal = {30892},
  ppn_gvk   = {1654318140},
}

@Book{Holmes,
  author    = {Holmes, Simon},
  publisher = {Manning},
  title     = {Getting MEAN with Mongo, Express, Angular, and Node},
  year      = {2016},
  address   = {Shelter Island, NY},
  isbn      = {9781617292033},
  note      = {Includes index},
  pagetotal = {416},
  ppn_gvk   = {842350039},
}

@Online{SpringBoot,
  title   = {Spring Boot},
  url     = {https://docs.spring.io/spring-boot/index.html},
  urldate = {2025-05-23},
}

@Online{Microsoft,
  title   = {Was ist Spring Boot?},
  url     = {https://azure.microsoft.com/de-de/resources/cloud-computing-dictionary/what-is-java-spring-boot},
  urldate = {2025-05-23},
}

@Online{Django,
  title   = {Django Documentation},
  url     = {https://docs.djangoproject.com/en/5.2/},
  urldate = {2025-05-23},
}

@Online{Mongo,
  title   = {MongoDB Documentation},
  url     = {https://www.mongodb.com/docs/},
  urldate = {2025-05-23},
}

@Book{Trelle,
  author    = {Trelle, Tobias},
  publisher = {dpunkt.verlag},
  title     = {MongoDB},
  year      = {2014},
  address   = {Heidelberg},
  isbn      = {9783864915338},
  note      = {Description based on publisher supplied metadata and other sources.},
  pagetotal = {1296},
  ppn_gvk   = {1860447376},
  subtitle  = {Der praktische Einstieg},
}

@Online{MySQL,
  title   = {MySQL Documentation},
  url     = {https://dev.mysql.com/doc/},
  urldate = {2025-05-23},
}

@Online{MongoSQL,
  title   = {Comparing MongoDB vs MySQL},
  url     = {https://www.mongodb.com/de-de/resources/compare/mongodb-mysql},
  urldate = {2025-05-23},
}

@Comment{jabref-meta: databaseType:bibtex;}

@Comment{jabref-entrytype: online: req[title;url;urldate] opt[organization;author;year;month;version;address]}
